@book{xie2015,
  title = {Dynamic Documents with {R} and knitr},
  author = {Yihui Xie},
  publisher = {Chapman and Hall/CRC},
  address = {Boca Raton, Florida},
  year = {2015},
  edition = {2nd},
  note = {ISBN 978-1498716963},
  url = {http://yihui.name/knitr/},
}


@book{wu2006nonparametric,
  title={Nonparametric regression methods for longitudinal data analysis: mixed-effects modeling approaches},
  author={Wu, Hulin and Zhang, Jin-Ting},
  volume={515},
  year={2006},
  publisher={John Wiley \& Sons}
}


@article{muraya2017genetic,
  title={Genetic variation of growth dynamics in maize (Zea mays L.) revealed through automated non-invasive phenotyping},
  author={Muraya, Moses M and Chu, Jianting and Zhao, Yusheng and Junker, Astrid and Klukas, Christian and Reif, Jochen C and Altmann, Thomas},
  journal={The Plant Journal},
  year={2017},
  publisher={Wiley Online Library}
}

@article{hernandez2015understanding,
  title={Understanding the genetic architecture of complex traits using the function-valued approach},
  author={Hernandez, Kyle M},
  journal={New Phytologist},
  volume={208},
  number={1},
  pages={1--3},
  year={2015},
  publisher={Wiley Online Library}
}

@article{sun2015mapping,
  title={Mapping complex traits as a dynamic system},
  author={Sun, Lidan and Wu, Rongling},
  journal={Physics of life reviews},
  volume={13},
  pages={155--185},
  year={2015},
  publisher={Elsevier}
}

@article{ma2002functional,
  title={Functional mapping of quantitative trait loci underlying the character process: a theoretical framework},
  author={Ma, Chang-Xing and Casella, George and Wu, Rongling},
  journal={Genetics},
  volume={161},
  number={4},
  pages={1751--1762},
  year={2002},
  publisher={Genetics Soc America}
}

@article{wu2006functional,
  title={Functional mappingâ€”how to map and study the genetic architecture of dynamic complex traits},
  author={Wu, Rongling and Lin, Min},
  journal={Nature Reviews Genetics},
  volume={7},
  number={3},
  pages={229--237},
  year={2006},
  publisher={Nature Publishing Group}
}

@article{li2015dynamic,
  title={Dynamic quantitative trait locus analysis of plant phenomic data},
  author={Li, Zitong and Sillanp{\"a}{\"a}, Mikko J},
  journal={Trends in plant science},
  volume={20},
  number={12},
  pages={822--833},
  year={2015},
  publisher={Elsevier}
}

@article{he2010mapping,
  title={Mapping genes for plant structure, development and evolution: functional mapping meets ontology},
  author={He, Qiuling and Berg, Arthur and Li, Yao and Vallejos, C Eduardo and Wu, Rongling},
  journal={Trends in genetics},
  volume={26},
  number={1},
  pages={39--46},
  year={2010},
  publisher={Elsevier}
}



@article{sun2014model,
  title={A model framework for identifying genes that guide the evolution of heterochrony},
  author={Sun, Lidan and Ye, Meixia and Hao, Han and Wang, Ningtao and Wang, Yaqun and Cheng, Tangren and Zhang, Qixiang and Wu, Rongling},
  journal={Molecular biology and evolution},
  volume={31},
  number={8},
  pages={2238--2247},
  year={2014},
  publisher={SMBE}
}
